@article{d2003modelling,
  title={Modelling ranks using the inverse hypergeometric distribution},
  author={D’Elia, Angela},
  journal={Statistical Modelling},
  volume={3},
  number={1},
  pages={65--78},
  year={2003},
  publisher={Sage Publications Sage CA: Thousand Oaks, CA}
}

@article{piccolo2003moments,
  title={On the moments of a mixture of uniform and shifted binomial random variables},
  author={Piccolo, Domenico and others},
  journal={Quaderni di Statistica},
  volume={5},
  number={1},
  pages={85--104},
  year={2003}
}

@article{d2005mixture,
  title={A mixture model for preferences data analysis},
  author={D'Elia, Angela and Piccolo, Domenico},
  journal={Computational Statistics \& Data Analysis},
  volume={49},
  number={3},
  pages={917--934},
  year={2005},
  publisher={Elsevier}
}

@article{capecchi2017dealing,
  title={Dealing with heterogeneity in ordinal responses},
  author={Capecchi, Stefania and Piccolo, Domenico},
  journal={Quality \& Quantity},
  volume={51},
  pages={2375--2393},
  year={2017},
  publisher={Springer}
}

@article{iannario2016comprehensive,
  title={A comprehensive framework of regression models for ordinal data},
  author={Iannario, Maria and Piccolo, Domenico},
  journal={Metron},
  volume={74},
  pages={233--252},
  year={2016},
  publisher={Springer}
}

@article{iannario2016generalized,
  title={A generalized framework for modelling ordinal data},
  author={Iannario, Maria and Piccolo, Domenico},
  journal={Statistical Methods \& Applications},
  volume={25},
  pages={163--189},
  year={2016},
  publisher={Springer}
}

@article{piccolo2008new,
  title={A new approach for modelling consumers’ preferences},
  author={Piccolo, Domenico and D’Elia, Angela},
  journal={Food Quality and Preference},
  volume={19},
  number={3},
  pages={247--259},
  year={2008},
  publisher={Elsevier}
}

@article{iannario2011cub,
  title={CUB models: Statistical methods and empirical evidence},
  author={Iannario, Maria and Piccolo, Domenico},
  journal={Modern Analysis of Customer Surveys: with applications using R},
  pages={231--258},
  year={2011},
  publisher={Wiley Online Library}
}

@article{iannario2012modelling,
  title={Modelling shelter choices in a class of mixture models for ordinal responses},
  author={Iannario, Maria},
  journal={Statistical Methods \& Applications},
  volume={21},
  pages={1--22},
  year={2012},
  publisher={Springer}
}

@article{iannario2014inference,
  title={Inference for CUB models: a program in R},
  author={Iannario, Maria and Piccolo, Domenico and others},
  journal={Statistica \& Applicazioni},
  volume={12},
  number={2},
  pages={177--204},
  year={2014}
}

@article{iannario2016testing,
  title={Testing overdispersion in CUBE models},
  author={Iannario, Maria},
  journal={Communications in Statistics-Simulation and Computation},
  volume={45},
  number={5},
  pages={1621--1635},
  year={2016},
  publisher={Taylor \& Francis}
}

@article{capecchi2016gini,
  title={Gini heterogeneity index for detecting uncertainty in ordinal data surveys},
  author={Capecchi, Stefania and Iannario, Maria},
  journal={Metron},
  volume={74},
  number={2},
  pages={223--232},
  year={2016},
  publisher={Springer}
}

# TESI
@article{mythesis,
  title        = {Modelli della classe CUB in Python},
  author       = {Pierini, Massimo},
  year         = 2024,
  month        = {June},
  address      = {Rome, IT},
  school       = {Universitas Mercatorum},
  institution  = {Universitas Mercatorum},
  publisher    = {Universitas Mercatorum},
  journal      = {Universitas Mercatorum, Rome, IT},
  note         = {(Bachelor's thesis L-41)},
  type         = {Bachelor's thesis},
  pages        = {16--20}
}